[gd_scene load_steps=10 format=2]

[ext_resource path="res://Scripts/Quiz.gd" type="Script" id=1]
[ext_resource path="res://Assets/Quiz/Quiz-1.png" type="Texture" id=2]
[ext_resource path="res://Font2.tres" type="DynamicFont" id=3]
[ext_resource path="res://Assets/Quiz/Quiz-2.png" type="Texture" id=4]
[ext_resource path="res://Assets/Quiz/Quiz-3.png" type="Texture" id=5]
[ext_resource path="res://Assets/Quiz/Quiz-4.png" type="Texture" id=6]
[ext_resource path="res://Assets/Quiz/Quiz-5a.png" type="Texture" id=7]
[ext_resource path="res://Assets/Quiz/Quiz-5b.png" type="Texture" id=8]
[ext_resource path="res://Assets/Quiz/Quiz-6.png" type="Texture" id=9]

[node name="MarginContainer" type="MarginContainer"]
anchor_right = 1.0
anchor_bottom = 1.0
script = ExtResource( 1 )

[node name="Quiz-1" type="TextureRect" parent="."]
margin_right = 1024.0
margin_bottom = 600.0
texture = ExtResource( 2 )

[node name="B1" type="MarginContainer" parent="."]
margin_right = 1024.0
margin_bottom = 600.0
custom_constants/margin_right = 0
custom_constants/margin_top = 550
custom_constants/margin_left = 920

[node name="LinkButton" type="LinkButton" parent="B1"]
margin_left = 920.0
margin_top = 550.0
margin_right = 1024.0
margin_bottom = 600.0
custom_fonts/font = ExtResource( 3 )
text = "Next"

[node name="Quiz-2" type="TextureRect" parent="."]
visible = false
margin_right = 1024.0
margin_bottom = 600.0
texture = ExtResource( 4 )

[node name="B2" type="MarginContainer" parent="."]
visible = false
margin_right = 1024.0
margin_bottom = 600.0
custom_constants/margin_right = 0
custom_constants/margin_top = 550
custom_constants/margin_left = 920

[node name="LinkButton2" type="LinkButton" parent="B2"]
margin_left = 920.0
margin_top = 550.0
margin_right = 1024.0
margin_bottom = 600.0
custom_fonts/font = ExtResource( 3 )
text = "Next"

[node name="Quiz-3" type="TextureRect" parent="."]
visible = false
margin_right = 1024.0
margin_bottom = 600.0
texture = ExtResource( 5 )

[node name="B3" type="MarginContainer" parent="."]
visible = false
margin_right = 1024.0
margin_bottom = 600.0
custom_constants/margin_right = 0
custom_constants/margin_top = 550
custom_constants/margin_left = 920

[node name="LinkButton3" type="LinkButton" parent="B3"]
margin_left = 920.0
margin_top = 550.0
margin_right = 1024.0
margin_bottom = 600.0
custom_fonts/font = ExtResource( 3 )
text = "Next"

[node name="Quiz-4" type="TextureRect" parent="."]
visible = false
margin_right = 1024.0
margin_bottom = 600.0
texture = ExtResource( 6 )

[node name="Options" type="MarginContainer" parent="."]
visible = false
margin_right = 1024.0
margin_bottom = 600.0
custom_constants/margin_top = 510
custom_constants/margin_left = 340

[node name="GridContainer" type="GridContainer" parent="Options"]
margin_left = 340.0
margin_top = 510.0
margin_right = 1024.0
margin_bottom = 600.0
custom_constants/vseparation = 10
custom_constants/hseparation = 30
columns = 2

[node name="Wrong1" type="LinkButton" parent="Options/GridContainer"]
margin_right = 144.0
margin_bottom = 22.0
custom_fonts/font = ExtResource( 3 )
text = "Makassar"

[node name="Wrong2" type="LinkButton" parent="Options/GridContainer"]
margin_left = 174.0
margin_right = 268.0
margin_bottom = 22.0
custom_fonts/font = ExtResource( 3 )
text = "Bali"

[node name="Right" type="LinkButton" parent="Options/GridContainer"]
margin_top = 32.0
margin_right = 144.0
margin_bottom = 54.0
custom_fonts/font = ExtResource( 3 )
text = "Lampung"

[node name="Wrong3" type="LinkButton" parent="Options/GridContainer"]
margin_left = 174.0
margin_top = 32.0
margin_right = 268.0
margin_bottom = 54.0
custom_fonts/font = ExtResource( 3 )
text = "Batam"

[node name="Quiz-5a" type="TextureRect" parent="."]
visible = false
margin_right = 1024.0
margin_bottom = 600.0
texture = ExtResource( 7 )

[node name="B5a" type="MarginContainer" parent="."]
visible = false
margin_right = 1024.0
margin_bottom = 600.0
custom_constants/margin_right = 0
custom_constants/margin_top = 550
custom_constants/margin_left = 920

[node name="LinkButton5a" type="LinkButton" parent="B5a"]
margin_left = 920.0
margin_top = 550.0
margin_right = 1024.0
margin_bottom = 600.0
custom_fonts/font = ExtResource( 3 )
text = "Next"

[node name="Quiz-5b" type="TextureRect" parent="."]
visible = false
margin_right = 1024.0
margin_bottom = 600.0
texture = ExtResource( 8 )

[node name="B5b" type="MarginContainer" parent="."]
visible = false
margin_right = 1024.0
margin_bottom = 600.0
custom_constants/margin_right = 0
custom_constants/margin_top = 550
custom_constants/margin_left = 790

[node name="LinkButton5b" type="LinkButton" parent="B5b"]
margin_left = 790.0
margin_top = 550.0
margin_right = 1024.0
margin_bottom = 600.0
custom_fonts/font = ExtResource( 3 )
text = "Back to Menu"

[node name="Quiz-6" type="TextureRect" parent="."]
visible = false
margin_right = 1024.0
margin_bottom = 600.0
texture = ExtResource( 9 )

[node name="B6" type="MarginContainer" parent="."]
visible = false
margin_right = 1024.0
margin_bottom = 600.0
custom_constants/margin_right = 0
custom_constants/margin_top = 550
custom_constants/margin_left = 920

[node name="LinkButton6" type="LinkButton" parent="B6"]
margin_left = 920.0
margin_top = 550.0
margin_right = 1024.0
margin_bottom = 600.0
custom_fonts/font = ExtResource( 3 )
text = "Next"
[connection signal="pressed" from="B1/LinkButton" to="." method="_on_LinkButton_pressed"]
[connection signal="pressed" from="B2/LinkButton2" to="." method="_on_LinkButton2_pressed"]
[connection signal="pressed" from="B3/LinkButton3" to="." method="_on_LinkButton3_pressed"]
[connection signal="pressed" from="Options/GridContainer/Wrong1" to="." method="_on_Wrong_pressed"]
[connection signal="pressed" from="Options/GridContainer/Wrong2" to="." method="_on_Wrong_pressed"]
[connection signal="pressed" from="Options/GridContainer/Right" to="." method="_on_Right_pressed"]
[connection signal="pressed" from="Options/GridContainer/Wrong3" to="." method="_on_Wrong_pressed"]
[connection signal="pressed" from="B5a/LinkButton5a" to="." method="_on_LinkButton5a_pressed"]
[connection signal="pressed" from="B5b/LinkButton5b" to="." method="_on_LinkButton5b_pressed"]
[connection signal="pressed" from="B6/LinkButton6" to="." method="_on_LinkButton6_pressed"]
